<?xml version="1.0" encoding="UTF-8"?><collection xmlns="http://www.loc.gov/MARC21/slim"><record><leader>00594nam--2200205-i-4500</leader><controlfield tag="001">000020288</controlfield><controlfield tag="002">20161230</controlfield><controlfield tag="005">20161230201033</controlfield><controlfield tag="008">060222s1000------------r-----000-0-eng-d</controlfield><datafield ind1=" " ind2=" " tag="020"><subfield code="a">0444865306</subfield></datafield><datafield ind1=" " ind2=" " tag="040"><subfield code="a">IFIN-HH</subfield></datafield><datafield ind1=" " ind2=" " tag="080"><subfield code="a">537.222.22:538.915</subfield></datafield><datafield ind1="1" ind2=" " tag="100"><subfield code="a">Jeffries, C.D</subfield></datafield><datafield ind1="1" ind2="0" tag="245"><subfield code="a">Electron-hole droplets in semiconductors</subfield><subfield code="c">C.D. JEFFRIES; L.V.KELDYSH (Eds.)</subfield></datafield><datafield ind1=" " ind2=" " tag="260"><subfield code="a">TOKYO</subfield><subfield code="b">North-holland</subfield><subfield code="c">1983</subfield></datafield><datafield ind1=" " ind2=" " tag="300"><subfield code="a">XXXVII + 656 P</subfield></datafield><datafield ind1=" " ind2=" " tag="490"><subfield code="a">Modern Problems In Condensed Matter Sciences</subfield><subfield code="v">Vol. 6</subfield></datafield><datafield ind1="1" ind2=" " tag="700"><subfield code="a">Keldysh, L.V</subfield></datafield><datafield ind1=" " ind2=" " tag="852"><subfield code="a">72651</subfield><subfield code="c">535</subfield></datafield><datafield ind1=" " ind2=" " tag="CAT"><subfield code="a">Sys</subfield><subfield code="c">20101125</subfield><subfield code="h">131825</subfield></datafield></record></collection>